@misc{dVRK,
    author = {dVRK Community},
    title = {The da Vinci Research Kit},
    year = {2023},
    howpublished = {\url{https://github.com/jhu-dvrk/dvrk-ros}}
}

@misc{ref19,
    author = {Author19},
    title = {Title19},
    year = {2019}
}

@misc{ref20,
    author = {Author20},
    title = {Title20},
    year = {2020}
}
@techreport{segway,
  author      = "Segway Inc.",
  title       = "Segway x2 SE Product Brochure",
  institution = "Segway Inc",
  year        = "2008"
}




@manual{encoder_datasheet,
  title        = {HEDM-55xx/560x & HEDS-55xx/56xx Data Sheet},
  author       = {Avago Technologies},
  organization = {Avago Technologies},
  address      = {One Enterprise, Aliso Viejo CA 92656 USA},
  year         = {2014},
}

@manual{petg_datasheet,
  title        = {Technical Data Sheet & Product name: 3DJAKE PETG},
  author       = {3DJAKE},
  organization = {Niceshops GmbH},
  address      = {Saaz 99, Paldau, Austria},
  year         = {2018},
}

@manual{tpu95a_datasheet,
  title        = {Technical Data Sheet & Product name: 3DJAKE TPU A95},
  author       = {3DJAKE },
  organization = {Niceshops GmbH},
  address      = {Saaz 99, Paldau, Austria},
  year         = {2019},
}

@manual{motor_datasheet,
  title        = {RS PRO DC Motor, 38.73 W,
12 V dc, 869 gcm, 4340 rpm,
6.35mm Shaft Diameter
Stock No: 321-3186},
  author       = {RS Components Handelsges.m.b.H.},
  organization = {RS Components Handelsges.m.b.H.},
  address      = {Albrechtser Straße 11,
3950 Gmünd,
Austria},
  year         = {2018},
}

@manual{motordriver_datasheet,
  title        = {MD13S - Cytron 13Amp DC Motor Driver – 108070021},
  author       = {Cytron Technologies Sdn. Bhd},
  organization = {Cytron Technologies Sdn. Bhd},
  address      = {1, Lorong Industri Impian 1,
Taman Industri Impian,
14000 Bukit Mertajam, Pulau Pinang, Malaysia.},
  year         = {2019},
}


@manual{mpu6050_registermap,
  title        = {MPU-6000 and MPU-6050
Register Map and Descriptions
Revision 4.0},
  author       = {InvenSense, Inc},
  organization = {InvenSense, Inc},
  address      = {San Jose, California},
  year         = {2011},
}

@manual{mpu6050_datasheet,
  title        = {MPU-6000 and MPU-6050
Product Specification
Revision 3.4},
  author       = {InvenSense, Inc},
  organization = {InvenSense, Inc},
  address      = {San Jose, California},
  year         = {2013},
}


@manual{esp32_datasheet,
  title        = {ESP32 Series
Datasheet
2.4 GHz Wi-Fi + Bluetooth® + Bluetooth LE SoC},
  author       = {Espressif Systems (Shanghai) Co., Ltd.},
  organization = {Espressif Systems (Shanghai) Co., Ltd.},
  address      = {Shanghai, China},
  year         = {2023},
}


@manual{arduino_datasheet,
  title        = {Arduino® Nano 33 BLE Sense & Product Reference Manual},
  author       = {Arduino S.r.l},
  organization = {Arduino S.r.l},
  address      = {Via Andrea Appiani 25 20900 MONZA Italy},
  year         = {2023},
}


@manual{ws2812b_datasheet,
  title        = {WS2812B
Intelligent control LED
integrated light source},
  author       = {WORLDSEMI CO.,LIMITED},
  organization = {WORLDSEMI CO.,LIMITED},
  address      = {No.136 YongJun Road,Daling Village,Dalingshan Town,DongGuan,GuangDong,China},
  year         = {2011},
}



@article{speechcommandsv2,
   author = { {Warden}, P.},
    title = "{Speech Commands: A Dataset for Limited-Vocabulary Speech Recognition}",
  journal = {ArXiv e-prints},
  archivePrefix = "arXiv",
  eprint = {1804.03209},
  primaryClass = "cs.CL",
  keywords = {Computer Science - Computation and Language, Computer Science - Human-Computer Interaction},
    year = 2018,
    month = apr,
    url = {https://arxiv.org/abs/1804.03209},
}

@article{onkol2018adaptive,
  title={Adaptive model predictive control of a two-wheeled robot manipulator with varying mass},
  author={{"O}nkol, Mert and Kasnako{\u{g}}lu, Co{\c{s}}ku},
  journal={Measurement and Control},
  volume={51},
  number={1-2},
  pages={38--56},
  year={2018},
  publisher={SAGE Publications Sage UK: London, England}
}

@article{kumar2013robust,
  title={Robust LQR controller design for stabilizing and trajectory tracking of inverted pendulum},
  author={Kumar, E Vinodh and Jerome, Jovitha},
  journal={Procedia Engineering},
  volume={64},
  pages={169--178},
  year={2013},
  publisher={Elsevier}
}

@article{virgala2013friction,
  title={Friction effect analysis of a DC motor},
  author={Virgala, Ivan and Frankovsk{\`y}, Peter and Kenderov{\a}, M{\a}ria},
  journal={American Journal of Mechanical Engineering},
  volume={1},
  number={1},
  pages={1--5},
  year={2013}
}

@INPROCEEDINGS{6216102,
  author={Meshram, P. M. and Kanojiya, Rohit G.},
  booktitle={IEEE-International Conference On Advances In Engineering, Science And Management (ICAESM -2012)}, 
  title={Tuning of PID controller using Ziegler-Nichols method for speed control of DC motor}, 
  year={2012},
  volume={},
  number={},
  pages={117-122},
  doi={}}


@book{burns2001advanced,
  title={Advanced control engineering},
  author={Burns, Roland},
  year={2001},
  publisher={Elsevier}
}


@book{ogata2010modern,
  title={Modern control engineering fifth edition},
  author={Ogata, Katsuhiko},
  year={2010}
}

@article{vsenk2006rotation,
  title={Rotation sequence as an important factor in shoulder kinematics},
  author={{\v{S}}enk, Miroslav and Cheze, Laurence},
  journal={Clinical biomechanics},
  volume={21},
  pages={S3--S8},
  year={2006},
  publisher={Elsevier}
}

@article{stein1987lqg,
  title={The LQG/LTR procedure for multivariable feedback control design},
  author={Stein, G{\"u}nter and Athans, Michael},
  journal={IEEE Transactions on Automatic Control},
  volume={32},
  number={2},
  pages={105--114},
  year={1987},
  publisher={IEEE}
}

@article{ding2012modeling,
  title={Modeling, simulation and fabrication of a balancing robot},
  author={Ding, Ye and Gafford, Joshua and Kunio, Mie},
  journal={Information on https://pdfs. semanticscholar. org/2fd5/119f144c38f599fe66715aead1ea717ee3cd. pdf Search in},
  year={2012}
}

@article{kim2015dynamic,
  title={Dynamic modeling of a two-wheeled inverted pendulum balancing mobile robot},
  author={Kim, Sangtae and Kwon, SangJoo},
  journal={International Journal of Control, Automation and Systems},
  volume={13},
  number={4},
  pages={926--933},
  year={2015},
  publisher={Springer}
}

@article{bature2014comparison,
  title={A comparison of controllers for balancing two wheeled inverted pendulum robot},
  author={Bature, Amir A and Buyamin, Salinda and Ahmad, Mohamed N and Muhammad, Mustapha},
  journal={International Journal of Mechanical & Mechatronics Engineering},
  volume={14},
  number={3},
  pages={62--68},
  year={2014},
  publisher={Citeseer}
}


@book{warden2019tinyml,
  title={Tinyml: Machine learning with tensorflow lite on arduino and ultra-low-power microcontrollers},
  author={Warden, Pete and Situnayake, Daniel},
  year={2019},
  publisher={O'Reilly Media}
}

@article{muda2010voiceMFCC,
  title={Voice recognition algorithms using mel frequency cepstral coefficient (MFCC) and dynamic time warping (DTW) techniques},
  author={Muda, Lindasalwa and Begam, Mumtaj and Elamvazuthi, Irraivan},
  journal={arXiv preprint arXiv:1003.4083},
  year={2010}
}


@article{kite2012understandingPDM,
  title={Understanding PDM digital audio},
  author={Kite, Thomas},
  journal={Audio precision},
  year={2012}
}



@software{arduinopdm_github,
  author = {Arduino},
  title = {{ArduinoPDM}},
  url = {https://docs.arduino.cc/learn/built-in-libraries/pdm},
  version = {1.1.0},
  year = {2023}
}

@software{mpu6050_github,
  author = {Rowberg, Jeff},
  title = {{i2cdevlib}},
  url = {https://github.com/jrowberg/i2cdevlib},
  version = {1.0.0},
  year = {2022}
}

@software{wiimote_github,
  author = {bigW00d},
  title = {{Arduino-ESP32Wiimote}},
  url = {https://github.com/bigw00d/Arduino-ESP32Wiimote},
  version = {0.1.3},
  year = {2020}
}

@software{tensorflowlite_github,
  author = {Warden, Pete},
  title = {{tflite-micro-arduino-examples}},
  url = {https://github.com/tensorflow/tflite-micro-arduino-examples},
  version = {2.4.0},
  year = {2023}
}

@software{neopixel_github,
  author = {Miller, Michael},
  title = {{NeoPixelBus}},
  url = {https://github.com/Makuna/NeoPixelBus},
  version = {2.7.6},
  year = {2023}
}

@software{encoder_github,
  author = {Harrington, Kevin},
  title = {{ESP32Encoder}},
  url = {https://github.com/madhephaestus/ESP32Encoder},
  version = {0.10.1},
  year = {2022}
}

@software{pid_github,
  author = {Lloyd, David},
  title = {{QuickPID}},
  url = {https://github.com/occtop/QuickPID},
  version = {3.1.9},
  year = {2022}
}

@software{bla_github,
  author = {Stewart, Tom},
  title = {{BasicLinearAlgebra}},
  url = {https://github.com/tomstewart89/BasicLinearAlgebra},
  version = {3.7},
  year = {2022}
}

@article{svec2010guidelines,
  title={Guidelines for selecting microphones for human voice production research},
  author={Svec, Jan G and Granqvist, Svante},
  year={2010},
  publisher={ASHA}
}

%%%%%%%%%% not used from here


@book{sch04,
	author={W.~Schneider and S.~Haas},
	title={Repetitorium Thermodynamik},
	booktitle={},
 	edition={2., "uberarbeitete Auflage},
    	publisher={Oldenbourg},
	address={{Wien M"unchen}},
    	year={2004}
}

@misc{meh10,
	author={A.~Mehrle},
	title={{Technische Mechanik II: Elastostatik}},
    	howpublished={Skriptum},
    	note={{Management Center Innsbruck}},
	year={2010}
}

@article{kat06,
	author={J.~Katz},
	title={Aerodynamics of Race Cars},
    	journal={Ann.~Rev.~of Fluid Mech.},
    	pages={27-63},
    	volume={38},
    	year={2006}
}




@article{Schwarz2003,
 author  = {Schwarz, John},
 date    = {2003-01-23},
 title   = {On the Pavement, A New Contender},
 journal = {New York Times},
 url     = {https://www.nytimes.com/2003/01/23/technology/on-the-pavement-a-new-contender.html},
 urldate = {2023-03-20}
}

@article{yedamale2003brushless,
  title={Brushless DC (BLDC) motor fundamentals},
  author={Yedamale, Padmaraja},
  journal={Microchip Technology Inc},
  volume={20},
  number={1},
  pages={3--15},
  year={2003}
}

@article{wang2018advanced,
  title={Advanced control strategies of induction machine: Field oriented control, direct torque control and model predictive control},
  author={Wang, Fengxiang and Zhang, Zhenbin and Mei, Xuezhu and Rodr{\i}guez, Jos{\e} and Kennel, Ralph},
  journal={Energies},
  volume={11},
  number={1},
  pages={120},
  year={2018},
  publisher={MDPI}
}

@manual{microsemi2013,
  title        = "Park, Inverse Park and Clarke, Inverse Clarke Transformations MSS Software Implementation User Guide",
  author       = "Microsemi Corporation",
  organization = "Microsemi Corporation",
  address      = "One Enterprise, Aliso Viejo CA 92656 USA",
  year         = "2013",
}



@article{auger2013industrial,
  title={Industrial applications of the Kalman filter: A review},
  author={Auger, Fran{\c{c}}ois and Hilairet, Mickael and Guerrero, Josep M and Monmasson, Eric and Orlowska-Kowalska, Teresa and Katsura, Seiichiro},
  journal={IEEE Transactions on Industrial Electronics},
  volume={60},
  number={12},
  pages={5458--5471},
  year={2013},
  publisher={IEEE}
}

@article{hoy2018alexa,
  title={Alexa, Siri, Cortana, and more: an introduction to voice assistants},
  author={Hoy, Matthew B},
  journal={Medical reference services quarterly},
  volume={37},
  number={1},
  pages={81--88},
  year={2018},
  publisher={Taylor & Francis}
}

@article{sainath2015convolutional,
  title={Convolutional neural networks for small-footprint keyword spotting},
  author={Sainath, Tara and Parada, Carolina},
  year={2015}
}